<?xml version="1.0" encoding="UTF-8"?><collection><record><leader>05385ntm a2200517 a 4500</leader><controlfield tag="001">006781941</controlfield><controlfield tag="003">MiAaHDL</controlfield><controlfield tag="005">20190719000000.0</controlfield><controlfield tag="006">m        d        </controlfield><controlfield tag="007">cr bn ---auaua</controlfield><controlfield tag="008">090518s14uu    xx            00| ||ara d</controlfield><datafield tag="035" ind1=" " ind2=" "><subfield code="a">(MiU)006781941</subfield></datafield><datafield tag="035" ind1=" " ind2=" "><subfield code="a">sdr-miu006781941</subfield></datafield><datafield tag="040" ind1=" " ind2=" "><subfield code="a">MiU</subfield><subfield code="c">MiU</subfield><subfield code="e">amremm</subfield></datafield><datafield tag="043" ind1=" " ind2=" "><subfield code="a">n-us-mi</subfield></datafield><datafield tag="100" ind1="1" ind2=" "><subfield code="6">880-01</subfield><subfield code="a">Ḥurayfīsh, Shuʻayb ibn ʻAbd Allāh,</subfield><subfield code="d">-1398?</subfield></datafield><datafield tag="240" ind1="1" ind2="0"><subfield code="6">880-02</subfield><subfield code="a">Rawḍ al-fāʼiq fī al-mawāʻiẓ wa-al-raqāʼiq.</subfield><subfield code="n">juzʼ 2</subfield></datafield><datafield tag="245" ind1="1" ind2="3"><subfield code="6">880-03</subfield><subfield code="a">al-Juzʼ al-thānī min Kitāb al-Rawḍ al-fāʼiq al-maʻrūf bi-al-Ḥurayfīsh,</subfield><subfield code="f">[15th century?].</subfield></datafield><datafield tag="260" ind1=" " ind2=" "><subfield code="c">[14--?].</subfield></datafield><datafield tag="300" ind1=" " ind2=" "><subfield code="a">282 leaves :</subfield><subfield code="b">paper ;</subfield><subfield code="c">180 x 135 (130 x 95) mm.</subfield></datafield><datafield tag="500" ind1=" " ind2=" "><subfield code="a">Shelfmark: Ann Arbor, University of Michigan, Special Collections Library, Isl. Ms. 519</subfield></datafield><datafield tag="500" ind1=" " ind2=" "><subfield code="a">Origin: Lacks dated colophon but may be 15th century as suggested by paper.</subfield></datafield><datafield tag="500" ind1=" " ind2=" "><subfield code="a">Accompanying materials: a. Inventory cataloguing slips in hand of Winifred Smeaton Thomas. -- b. Acquisitions slip from Yahuda.</subfield></datafield><datafield tag="500" ind1=" " ind2=" "><subfield code="a">Former shelfmark: From inner front cover and spine label, "IL151" (likely supplied by Yahuda, see acquisitions slip).</subfield></datafield><datafield tag="500" ind1=" " ind2=" "><subfield code="a">Binding: Pasteboards covered in burnished and colored paper ; Type II binding (once with flap, though now missing) ; resewn ; endbands lacking ; in poor condition with much wear and abrasion ; some moisture damage ; boards delaminating ; numerous leather repairs ; lower cover detaching at spine ; entire flap missing ; housed in box for protection.</subfield></datafield><datafield tag="500" ind1=" " ind2=" "><subfield code="a">Support: non-European laid paper ; chain lines running horizontally appear to be grouped in threes with roughly 11-12 mm. between the chain lines and roughly 45 mm. between groups ; laid lines running vertically with roughly 8 laid lines per cm. ; rather thick and burnished ; a number of leaves are delaminating.</subfield></datafield><datafield tag="500" ind1=" " ind2=" "><subfield code="a">Decoration: Textual dividers in the form of inverted commas in red ; text rubricated with section headings, subsection headings, keywords, etc. in red.</subfield></datafield><datafield tag="500" ind1=" " ind2=" "><subfield code="a">Script: Naskh ; fine Syrian or Egyptian hand ; sans serif ; alif maqṣūrah is often with dots ; freely ligatured with lām and alif almost always joined from above (looking like inverted "U") and dāl and rāʼ joined to following hāʼ; bar of kāf often missing ; alif of قال often arches over qāf supplying otherwise absent pointing ; swooping final nūn looking more like elongated rāʼ ; occasional vocalization without consistency.</subfield></datafield><datafield tag="500" ind1=" " ind2=" "><subfield code="a">Layout: Written in 13 lines per page ; frame-ruled.</subfield></datafield><datafield tag="500" ind1=" " ind2=" "><subfield code="a">Collation: V-1 (9), V(19), V-4 (25), 5 V(75), VI(87), 4 V(127), 2 VI(151), 2 V(171), V-8 (173), 3 V(203), IV(211), 6 V(271), V-1 (280), IV-6 (282) ; chiefly quinions, though several irregular quires and missing leaves ; Hindu-Arabic numerals appearing near the beginning of each quire seem to provide quire numbering ; catchwords present, though occasionally cut off or missing ; pagination in pencil, Western numerals, supplied during cataloguing.</subfield></datafield><datafield tag="500" ind1=" " ind2=" "><subfield code="a">Explicit: " اخواني ان الله تعالى ارحم والطف ما يكون بعبده اذا نزل في لحده ووضع خشن التراب على لين خده وجفاه من كان يرغب في قربه ووده فاذا وضع الميت على المغتسل وجرد من اثوابه وايس من أحبابه فينادي واسوتاه [واسوأتاه] وافضيحتاه ولا يسمع نداه غير مولاه"</subfield></datafield><datafield tag="500" ind1=" " ind2=" "><subfield code="a">Incipit: "الفصل الثامن والعشرون في مناقب الفقهاء رضي الله عنهم اجمعين الحمد لله المعروف بالقدم قبل وجود الوجود الموصوف بالكرم والفضل والجود المنزه في وحدانيته عن الابنا والابآء والجدود المقدس عن الصاحبة والمصحوب والوالد والمولود"</subfield></datafield><datafield tag="500" ind1=" " ind2=" "><subfield code="a">Title from inscription on fol.1a (p.1).</subfield></datafield><datafield tag="500" ind1=" " ind2=" "><subfield code="a">Ms. codex.</subfield></datafield><datafield tag="510" ind1="4" ind2=" "><subfield code="a">Brit Mus. Supplement,</subfield><subfield code="c">no. 240</subfield></datafield><datafield tag="510" ind1="4" ind2=" "><subfield code="a">Brit Mus. Cod. Arab.,</subfield><subfield code="c">v. 2, p.335</subfield></datafield><datafield tag="510" ind1="4" ind2=" "><subfield code="a">Ḥajjī Khalīfah. Kashf al-ẓunūn,</subfield><subfield code="c">iii, 488</subfield></datafield><datafield tag="510" ind1="4" ind2=" "><subfield code="a">Brockelmann, C. GAL,</subfield><subfield code="c">II 17; II 178, no.2</subfield></datafield><datafield tag="520" ind1="8" ind2=" "><subfield code="a">Early copy of the second part of a work of pious devotions (anecdotes of holy men, homilies, traditions, etc.) attributed to the popular saint al-Ḥurayfīsh. End wanting. Description provided by Maxim Romanov.</subfield></datafield><datafield tag="538" ind1=" " ind2=" "><subfield code="a">Mode of access: Internet.</subfield></datafield><datafield tag="541" ind1=" " ind2=" "><subfield code="a">Acquired in 1926 from the bookseller Isaac Benjamin S.E. Yahuda via purchase transacted on his behalf by Abraham Shalom Yahuda (1877-1951), his younger brother.</subfield></datafield><datafield tag="546" ind1=" " ind2=" "><subfield code="a">Arabic.</subfield></datafield><datafield tag="561" ind1=" " ind2=" "><subfield code="a">A few study/reading notes appear on fol.1a (p.1) ; an almond shaped seal impression appears on interior of upper cover (inscription illegible) ; a few ownership statements appear on fol.1a (p.1) ; fairly clean copy with very few marginal corrections or ammendments.</subfield></datafield><datafield tag="650" ind1=" " ind2="0"><subfield code="a">Manuscripts, Arabic</subfield><subfield code="z">Michigan</subfield><subfield code="z">Ann Arbor.</subfield></datafield><datafield tag="650" ind1=" " ind2="0"><subfield code="a">Islam</subfield><subfield code="v">Anecdotes</subfield><subfield code="v">Early works to 1800.</subfield></datafield><datafield tag="773" ind1="0" ind2=" "><subfield code="a">Yahuda Collection.</subfield></datafield><datafield tag="880" ind1="1" ind2="2"><subfield code="6">245-03/</subfield><subfield code="a">الجزء الثاني من كتاب الروض الفائق المعروف بالحريفيش,</subfield><subfield code="f">[القرن 15م؟].</subfield></datafield><datafield tag="880" ind1="1" ind2="0"><subfield code="6">240-02/</subfield><subfield code="a">روض الفائق في المواعظ والرقائق.</subfield><subfield code="n">جزء 2</subfield></datafield><datafield tag="880" ind1="1" ind2=" "><subfield code="6">100-01/</subfield><subfield code="a">حريفيش، شعيب بن عبد الله.</subfield></datafield><datafield tag="CID" ind1=" " ind2=" "><subfield code="a">006781941</subfield></datafield><datafield tag="DAT" ind1="0" ind2=" "><subfield code="a">20190719102635.0</subfield><subfield code="b">20190719000000.0</subfield></datafield><datafield tag="DAT" ind1="1" ind2=" "><subfield code="a">20190719090653.0</subfield><subfield code="b">2019-07-19T16:11:28Z</subfield></datafield><datafield tag="DAT" ind1="2" ind2=" "><subfield code="a">2015-10-02T18:00:03Z</subfield></datafield><datafield tag="CAT" ind1=" " ind2=" "><subfield code="a">SDR-MIU</subfield><subfield code="d">EX LIBRIS - ALEPH</subfield><subfield code="l">prepare.pl-004-008</subfield></datafield><datafield tag="FMT" ind1=" " ind2=" "><subfield code="a">BK</subfield></datafield><datafield tag="HOL" ind1=" " ind2=" "><subfield code="0">sdr-miu006781941</subfield><subfield code="a">MiU</subfield><subfield code="b">SDR</subfield><subfield code="c">MIU</subfield><subfield code="p">mdp.39015079125665</subfield><subfield code="s">MIU</subfield><subfield code="1">006781941</subfield></datafield><datafield tag="974" ind1=" " ind2=" "><subfield code="b">MIU</subfield><subfield code="c">MIU</subfield><subfield code="d">20190719</subfield><subfield code="s">lit-dlps-dc</subfield><subfield code="u">mdp.39015079125665</subfield><subfield code="y">1499</subfield><subfield code="r">pd</subfield><subfield code="q">bib</subfield><subfield code="t">non-US bib date1 &lt; 1896</subfield></datafield></record></collection>